<?xml version="1.0" encoding="UTF-8" ?><marc:collection xmlns:marc="http://www.loc.gov/MARC21/slim" xmlns:xsi="http://www.w3.org/2001/XMLSchema-instance" xsi:schemaLocation="http://www.loc.gov/MARC21/slim http://www.loc.gov/standards/marcxml/schema/MARC21slim.xsd">
<marc:record><marc:leader>02363cam a2200421Ii 4500</marc:leader>
<marc:controlfield tag="001">b12055207</marc:controlfield>
<marc:controlfield tag="003">UaCaAUL</marc:controlfield><marc:controlfield tag="005">20190618032336.0</marc:controlfield><marc:controlfield tag="008">000818m19371938ua       b    000 0 ara d</marc:controlfield><marc:datafield tag="035" ind1=" " ind2=" "><marc:subfield code="a">(OCoLC)44812636</marc:subfield></marc:datafield><marc:datafield tag="040" ind1=" " ind2=" "><marc:subfield code="a">IUL</marc:subfield><marc:subfield code="b">eng</marc:subfield><marc:subfield code="e">rda</marc:subfield><marc:subfield code="c">IUL</marc:subfield><marc:subfield code="d">OSU</marc:subfield><marc:subfield code="d">WAU</marc:subfield><marc:subfield code="d">AUD</marc:subfield><marc:subfield code="d">IUL</marc:subfield><marc:subfield code="d">OCLCF</marc:subfield><marc:subfield code="d">OCLCQ</marc:subfield><marc:subfield code="d">PAU</marc:subfield><marc:subfield code="d">MEAUC</marc:subfield></marc:datafield><marc:datafield tag="043" ind1=" " ind2=" "><marc:subfield code="a">aw-----</marc:subfield><marc:subfield code="a">ff-----</marc:subfield><marc:subfield code="a">e-sp---</marc:subfield></marc:datafield><marc:datafield tag="050" ind1=" " ind2="4"><marc:subfield code="a">PJ7601.S2 1937</marc:subfield></marc:datafield><marc:datafield tag="066" ind1=" " ind2=" "><marc:subfield code="c">(3</marc:subfield></marc:datafield><marc:datafield tag="090" ind1=" " ind2=" "><marc:subfield code="a">PJ7601.S2 1937</marc:subfield></marc:datafield><marc:datafield tag="100" ind1="1" ind2=" "><marc:subfield code="6">880-01</marc:subfield><marc:subfield code="a">Ṣafwat, Aḥmad Zakī.</marc:subfield></marc:datafield><marc:datafield tag="245" ind1="1" ind2="0"><marc:subfield code="6">880-02</marc:subfield><marc:subfield code="a">Jamharat rasāʼil al-ʻArab fī ʻuṣūr al-ʻArabīyah al-zāhirah /</marc:subfield><marc:subfield code="c">taʼlīf Aḥmad Zakī Ṣafwat, ustādh al-lughah al-ʻArabīyah bi-Dār al-ʻUlūm.</marc:subfield></marc:datafield><marc:datafield tag="250" ind1=" " ind2=" "><marc:subfield code="6">880-03</marc:subfield><marc:subfield code="a">al-Ṭabʻah al-ūlá.</marc:subfield></marc:datafield><marc:datafield tag="264" ind1=" " ind2="1"><marc:subfield code="6">880-04</marc:subfield><marc:subfield code="a">Miṣr :</marc:subfield><marc:subfield code="b">Sharikat wa-Maktabat wa-Maṭbaʻat Muṣṭafá al-Bābī al-Ḥalabī wa-Awlāduhu bi-Miṣr,</marc:subfield><marc:subfield code="c">1356 H, 1937 M-[1357 H, 1938 M]</marc:subfield></marc:datafield><marc:datafield tag="300" ind1=" " ind2=" "><marc:subfield code="a">4 volumes ;</marc:subfield><marc:subfield code="c">25 cm.</marc:subfield></marc:datafield><marc:datafield tag="336" ind1=" " ind2=" "><marc:subfield code="a">text</marc:subfield><marc:subfield code="b">txt</marc:subfield><marc:subfield code="2">rdacontent.</marc:subfield></marc:datafield><marc:datafield tag="337" ind1=" " ind2=" "><marc:subfield code="a">unmediated</marc:subfield><marc:subfield code="b">n</marc:subfield><marc:subfield code="2">rdamedia.</marc:subfield></marc:datafield><marc:datafield tag="338" ind1=" " ind2=" "><marc:subfield code="a">volume</marc:subfield><marc:subfield code="b">nc</marc:subfield><marc:subfield code="2">rdacarrier.</marc:subfield></marc:datafield><marc:datafield tag="500" ind1=" " ind2=" "><marc:subfield code="6">880-05</marc:subfield><marc:subfield code="a">Kull al-ḥuqūq maḥfūẓah.</marc:subfield></marc:datafield><marc:datafield tag="504" ind1=" " ind2=" "><marc:subfield code="a">Includes bibliographical references.</marc:subfield></marc:datafield><marc:datafield tag="505" ind1="0" ind2=" "><marc:subfield code="6">880-06</marc:subfield><marc:subfield code="a">al-Juzʼ al-awwal. al-ʻAṣr al-Jāhilī, ʻaṣr Ṣadr al-Islām -- al-Juzʼ al-thānī. al-ʻAṣr al-Umawī -- al-Juzʼ al-thālith-al-rābiʻ. al-ʻAṣr al-ʻAbbāsī al-awwal.</marc:subfield></marc:datafield><marc:datafield tag="650" ind1=" " ind2="0"><marc:subfield code="a">Arabs</marc:subfield><marc:subfield code="v">Correspondence.</marc:subfield></marc:datafield><marc:datafield tag="650" ind1=" " ind2="0"><marc:subfield code="a">Arabic literature.</marc:subfield></marc:datafield><marc:datafield tag="880" ind1="1" ind2="0"><marc:subfield code="6">245-02/(3/r</marc:subfield><marc:subfield code="a">جمهرة رسائل العرب في عصور العربية الزاهرة /‪</marc:subfield><marc:subfield code="c">تأليف احمد زكي صفوة، استاذ اللغة العربية بدار العلوم..</marc:subfield></marc:datafield><marc:datafield tag="880" ind1="1" ind2=" "><marc:subfield code="6">100-01/(3/r</marc:subfield><marc:subfield code="a">صفوت، احمد زكي..</marc:subfield></marc:datafield><marc:datafield tag="880" ind1=" " ind2=" "><marc:subfield code="6">250-03/(3/r</marc:subfield><marc:subfield code="a">الطبعة الأولى..</marc:subfield></marc:datafield><marc:datafield tag="880" ind1=" " ind2="1"><marc:subfield code="6">264-04/(3/r</marc:subfield><marc:subfield code="a">مصر :‪</marc:subfield><marc:subfield code="b">شركة ومكتبة ومطبعة مصطفى البابي الحلبي وأولاده بمصر،‪</marc:subfield><marc:subfield code="c">1356 ه، 1937 م-[1357 ه، 1938 م]</marc:subfield></marc:datafield><marc:datafield tag="880" ind1=" " ind2=" "><marc:subfield code="6">500-05/(3/r</marc:subfield><marc:subfield code="a">كل الحقوق محفوظة..</marc:subfield></marc:datafield><marc:datafield tag="880" ind1="0" ind2=" "><marc:subfield code="6">505-06/(3/r</marc:subfield><marc:subfield code="a">الجزء الأول. العصر الجاهلي، عصر صدر الاسلام -- الجزء الثاني. العصر الاموي -- الجزء الثالث-الرابع. العصر العباسي الاول..</marc:subfield></marc:datafield><marc:datafield tag="907" ind1=" " ind2=" "><marc:subfield code="a">.b12055207</marc:subfield><marc:subfield code="b">main </marc:subfield></marc:datafield><marc:datafield tag="902" ind1=" " ind2=" "><marc:subfield code="a">191013</marc:subfield></marc:datafield><marc:datafield tag="998" ind1=" " ind2=" "><marc:subfield code="b">4</marc:subfield><marc:subfield code="c">000417</marc:subfield><marc:subfield code="d">m</marc:subfield><marc:subfield code="e">~</marc:subfield><marc:subfield code="f">-</marc:subfield><marc:subfield code="g">0</marc:subfield><marc:subfield code="k">TA</marc:subfield></marc:datafield><marc:datafield tag="945" ind1=" " ind2=" "><marc:subfield code="l">main </marc:subfield><marc:subfield code="u">v.v.1</marc:subfield></marc:datafield></marc:record>
</marc:collection>
